@INPROCEEDINGS{ChoKang2012, 
  author={Sang-Hyun Cho and Hang-Bong Kang}, 
  booktitle={Systems, Man, and Cybernetics (SMC), 2012 IEEE International Conference on}, 
  title={Statistical text analysis and sentiment classification in social media}, 
  year={2012}, 
  pages={1112-1117}, 
  keywords={pattern classification;social networking (online);statistical analysis;support vector machines;text analysis;vocabulary;contextual information extraction;feature vector;formal vocabularies;informal vocabularies;opinion classification;sentiment classification;social media;statistical text analysis;support vector machine classifier;tendency classification;Consumer products;Dictionaries;Media;Motion pictures;Support vector machine classification;Vocabulary;SVM;social media;text sentiment}, 
  doi={10.1109/ICSMC.2012.6377880},}

@incollection{Singh2011,
year={2011},
isbn={978-3-642-22785-1},
booktitle={Computer Networks and Intelligent Computing},
volume={157},
series={Communications in Computer and Information Science},
editor={Venugopal, K.R. and Patnaik, L.M.},
doi={10.1007/978-3-642-22786-8_83},
title={Combining a Content Filtering Heuristic and Sentiment Analysis for Movie Recommendations},
url={http://dx.doi.org/10.1007/978-3-642-22786-8_83},
publisher={Springer Berlin Heidelberg},
keywords={Content-based Recommendations; Movie Reviews; Opinion Mining; Recommender Systems; Sentiment Classification},
author={Singh, Vivek Kumar and Mukherjee, Mousumi and Mehta, Ghanshyam Kumar},
pages={659-664}
}

@inproceedings{Bakshy2009,
 author = {Bakshy, Eytan and Karrer, Brian and Adamic, Lada A.},
 title = {Social influence and the diffusion of user-created content},
 booktitle = {Proceedings of the 10th ACM conference on Electronic commerce},
 series = {EC '09},
 year = {2009},
 isbn = {978-1-60558-458-4},
 location = {Stanford, California, USA},
 pages = {325--334},
 numpages = {10},
 url = {http://doi.acm.org/10.1145/1566374.1566421},
 doi = {10.1145/1566374.1566421},
 acmid = {1566421},
 publisher = {ACM},
 address = {New York, NY, USA},
 keywords = {social influence; diffusion of innovations; virtual worlds; social networks},
} 

@INPROCEEDINGS{Oard98implicitfeedback,
    author = {Douglas Oard and Jinmook Kim},
    title = {Implicit Feedback for Recommender Systems},
    booktitle = {in Proceedings of the AAAI Workshop on Recommender Systems},
    year = {1998},
    pages = {81--83}
}

@MISC{Oard01modelinginformation,
    author = {Douglas W. Oard and Jinmook Kim},
    title = {Modeling Information Content Using Observable Behavior},
    year = {2001}
}

@article{Kelly03implicitfeedback,
 author = {Kelly, Diane and Teevan, Jaime},
 title = {Implicit feedback for inferring user preference: a bibliography},
 journal = {SIGIR Forum},
 issue_date = {Fall 2003},
 volume = {37},
 number = {2},
 month = sep,
 year = {2003},
 issn = {0163-5840},
 pages = {18--28},
 numpages = {11},
 url = {http://doi.acm.org/10.1145/959258.959260},
 doi = {10.1145/959258.959260},
 acmid = {959260},
 publisher = {ACM},
 address = {New York, NY, USA},
}

@ONLINE{DatumBoxTwitterSentiment,
  author = {Vryniotis, Vasilis},
  title = {How to build your own Twitter Sentiment Analysis Tool},
  month = sep,
  year = {2013},
  url = {http://blog.datumbox.com/how-to-build-your-own-twitter-sentiment-analysis-tool/}
}

@InProceedings{NamedEntityDisambiguationWiki,
  author    = {Cucerzan, Silviu},
  title     = {Large-Scale Named Entity Disambiguation Based on {Wikipedia} Data},
  booktitle = {Proceedings of the 2007 Joint Conference on Empirical Methods in Natural Language Processing and Computational Natural Language Learning (EMNLP-CoNLL)},
  month     = {June},
  year      = {2007},
  address   = {Prague, Czech Republic},
  publisher = {Association for Computational Linguistics},
  pages     = {708--716},
  url       = {http://www.aclweb.org/anthology/D/D07/D07-1074}
}

@inproceedings{NamedEntityDisambiguationWS,
 author = {Sarmento, Lu\'{\i}s and Kehlenbeck, Alexander and Oliveira, Eug{\'e}nio and Ungar, Lyle},
 title = {An Approach to Web-Scale Named-Entity Disambiguation},
 booktitle = {Proceedings of the 6th International Conference on Machine Learning and Data Mining in Pattern Recognition},
 series = {MLDM '09},
 year = {2009},
 isbn = {978-3-642-03069-7},
 location = {Leipzig, Germany},
 pages = {689--703},
 numpages = {15},
 url = {http://dx.doi.org/10.1007/978-3-642-03070-3_52},
 doi = {10.1007/978-3-642-03070-3_52},
 acmid = {1602085},
 publisher = {Springer-Verlag},
 address = {Berlin, Heidelberg},
}
